%YAML 1.1
%TAG !u! tag:unity3d.com,2011:
--- !u!1 &1556557178340602859
GameObject:
  m_ObjectHideFlags: 0
  m_CorrespondingSourceObject: {fileID: 0}
  m_PrefabInstance: {fileID: 0}
  m_PrefabAsset: {fileID: 0}
  serializedVersion: 6
  m_Component:
  - component: {fileID: 3427311500323806726}
  - component: {fileID: 6535527227358111732}
  - component: {fileID: 6602864130907892205}
  m_Layer: 5
  m_Name: Image
  m_TagString: Untagged
  m_Icon: {fileID: 0}
  m_NavMeshLayer: 0
  m_StaticEditorFlags: 0
  m_IsActive: 1
--- !u!224 &3427311500323806726
RectTransform:
  m_ObjectHideFlags: 0
  m_CorrespondingSourceObject: {fileID: 0}
  m_PrefabInstance: {fileID: 0}
  m_PrefabAsset: {fileID: 0}
  m_GameObject: {fileID: 1556557178340602859}
  m_LocalRotation: {x: 0, y: 0, z: 0, w: 1}
  m_LocalPosition: {x: 0, y: 0, z: 0}
  m_LocalScale: {x: 1, y: 1, z: 1}
  m_ConstrainProportionsScale: 0
  m_Children: []
  m_Father: {fileID: 4556974144466040137}
  m_RootOrder: 3
  m_LocalEulerAnglesHint: {x: 0, y: 0, z: 0}
  m_AnchorMin: {x: 0.5, y: 0.5}
  m_AnchorMax: {x: 0.5, y: 0.5}
  m_AnchoredPosition: {x: 752, y: -144}
  m_SizeDelta: {x: 100, y: 100}
  m_Pivot: {x: 0.5, y: 0.5}
--- !u!222 &6535527227358111732
CanvasRenderer:
  m_ObjectHideFlags: 0
  m_CorrespondingSourceObject: {fileID: 0}
  m_PrefabInstance: {fileID: 0}
  m_PrefabAsset: {fileID: 0}
  m_GameObject: {fileID: 1556557178340602859}
  m_CullTransparentMesh: 1
--- !u!114 &6602864130907892205
MonoBehaviour:
  m_ObjectHideFlags: 0
  m_CorrespondingSourceObject: {fileID: 0}
  m_PrefabInstance: {fileID: 0}
  m_PrefabAsset: {fileID: 0}
  m_GameObject: {fileID: 1556557178340602859}
  m_Enabled: 1
  m_EditorHideFlags: 0
  m_Script: {fileID: 11500000, guid: fe87c0e1cc204ed48ad3b37840f39efc, type: 3}
  m_Name: 
  m_EditorClassIdentifier: 
  m_Material: {fileID: 0}
  m_Color: {r: 1, g: 1, b: 1, a: 1}
  m_RaycastTarget: 1
  m_RaycastPadding: {x: 0, y: 0, z: 0, w: 0}
  m_Maskable: 1
  m_OnCullStateChanged:
    m_PersistentCalls:
      m_Calls: []
  m_Sprite: {fileID: 21300000, guid: 9250b0102bd3ed347b28f5d9612b3473, type: 3}
  m_Type: 0
  m_PreserveAspect: 0
  m_FillCenter: 1
  m_FillMethod: 4
  m_FillAmount: 1
  m_FillClockwise: 1
  m_FillOrigin: 0
  m_UseSpriteMesh: 0
  m_PixelsPerUnitMultiplier: 1
--- !u!1 &3047075672680914589
GameObject:
  m_ObjectHideFlags: 0
  m_CorrespondingSourceObject: {fileID: 0}
  m_PrefabInstance: {fileID: 0}
  m_PrefabAsset: {fileID: 0}
  serializedVersion: 6
  m_Component:
  - component: {fileID: 3809981514436854493}
  - component: {fileID: 3558138351559098109}
  - component: {fileID: 5799093088952443400}
  m_Layer: 5
  m_Name: DialogueBackgroundImage
  m_TagString: Untagged
  m_Icon: {fileID: 0}
  m_NavMeshLayer: 0
  m_StaticEditorFlags: 0
  m_IsActive: 1
--- !u!224 &3809981514436854493
RectTransform:
  m_ObjectHideFlags: 0
  m_CorrespondingSourceObject: {fileID: 0}
  m_PrefabInstance: {fileID: 0}
  m_PrefabAsset: {fileID: 0}
  m_GameObject: {fileID: 3047075672680914589}
  m_LocalRotation: {x: 0, y: 0, z: 0, w: 1}
  m_LocalPosition: {x: 0, y: 0, z: 0}
  m_LocalScale: {x: 1, y: 1, z: 1}
  m_ConstrainProportionsScale: 0
  m_Children: []
  m_Father: {fileID: 4556974144466040137}
  m_RootOrder: 1
  m_LocalEulerAnglesHint: {x: 0, y: 0, z: 0}
  m_AnchorMin: {x: 0.5, y: 0.5}
  m_AnchorMax: {x: 0.5, y: 0.5}
  m_AnchoredPosition: {x: 5.0255, y: -8.375409}
  m_SizeDelta: {x: 1888.9751, y: 605.8714}
  m_Pivot: {x: 0.5, y: 0.5}
--- !u!222 &3558138351559098109
CanvasRenderer:
  m_ObjectHideFlags: 0
  m_CorrespondingSourceObject: {fileID: 0}
  m_PrefabInstance: {fileID: 0}
  m_PrefabAsset: {fileID: 0}
  m_GameObject: {fileID: 3047075672680914589}
  m_CullTransparentMesh: 1
--- !u!114 &5799093088952443400
MonoBehaviour:
  m_ObjectHideFlags: 0
  m_CorrespondingSourceObject: {fileID: 0}
  m_PrefabInstance: {fileID: 0}
  m_PrefabAsset: {fileID: 0}
  m_GameObject: {fileID: 3047075672680914589}
  m_Enabled: 1
  m_EditorHideFlags: 0
  m_Script: {fileID: 11500000, guid: fe87c0e1cc204ed48ad3b37840f39efc, type: 3}
  m_Name: 
  m_EditorClassIdentifier: 
  m_Material: {fileID: 0}
  m_Color: {r: 1, g: 1, b: 1, a: 1}
  m_RaycastTarget: 1
  m_RaycastPadding: {x: 0, y: 0, z: 0, w: 0}
  m_Maskable: 1
  m_OnCullStateChanged:
    m_PersistentCalls:
      m_Calls: []
  m_Sprite: {fileID: 21300000, guid: 336ea2fa1335ae049933d945027be884, type: 3}
  m_Type: 1
  m_PreserveAspect: 0
  m_FillCenter: 1
  m_FillMethod: 4
  m_FillAmount: 1
  m_FillClockwise: 1
  m_FillOrigin: 0
  m_UseSpriteMesh: 0
  m_PixelsPerUnitMultiplier: 1
--- !u!1 &3258018893073993890
GameObject:
  m_ObjectHideFlags: 0
  m_CorrespondingSourceObject: {fileID: 0}
  m_PrefabInstance: {fileID: 0}
  m_PrefabAsset: {fileID: 0}
  serializedVersion: 6
  m_Component:
  - component: {fileID: 4216148661912932066}
  - component: {fileID: 3050572672022388870}
  - component: {fileID: 1288073204800279297}
  m_Layer: 5
  m_Name: TextBackgroundImage
  m_TagString: Untagged
  m_Icon: {fileID: 0}
  m_NavMeshLayer: 0
  m_StaticEditorFlags: 0
  m_IsActive: 1
--- !u!224 &4216148661912932066
RectTransform:
  m_ObjectHideFlags: 0
  m_CorrespondingSourceObject: {fileID: 0}
  m_PrefabInstance: {fileID: 0}
  m_PrefabAsset: {fileID: 0}
  m_GameObject: {fileID: 3258018893073993890}
  m_LocalRotation: {x: 0, y: 0, z: 0, w: 1}
  m_LocalPosition: {x: 0, y: 0, z: 0}
  m_LocalScale: {x: 1, y: 1, z: 1}
  m_ConstrainProportionsScale: 0
  m_Children: []
  m_Father: {fileID: 4556974144466040137}
  m_RootOrder: 0
  m_LocalEulerAnglesHint: {x: 0, y: 0, z: 0}
  m_AnchorMin: {x: 0.5, y: 0.5}
  m_AnchorMax: {x: 0.5, y: 0.5}
  m_AnchoredPosition: {x: 141.7249, y: -2.7369}
  m_SizeDelta: {x: 1371.7402, y: 360.71}
  m_Pivot: {x: 0.5, y: 0.5}
--- !u!222 &3050572672022388870
CanvasRenderer:
  m_ObjectHideFlags: 0
  m_CorrespondingSourceObject: {fileID: 0}
  m_PrefabInstance: {fileID: 0}
  m_PrefabAsset: {fileID: 0}
  m_GameObject: {fileID: 3258018893073993890}
  m_CullTransparentMesh: 1
--- !u!114 &1288073204800279297
MonoBehaviour:
  m_ObjectHideFlags: 0
  m_CorrespondingSourceObject: {fileID: 0}
  m_PrefabInstance: {fileID: 0}
  m_PrefabAsset: {fileID: 0}
  m_GameObject: {fileID: 3258018893073993890}
  m_Enabled: 1
  m_EditorHideFlags: 0
  m_Script: {fileID: 11500000, guid: fe87c0e1cc204ed48ad3b37840f39efc, type: 3}
  m_Name: 
  m_EditorClassIdentifier: 
  m_Material: {fileID: 0}
  m_Color: {r: 1, g: 1, b: 1, a: 1}
  m_RaycastTarget: 1
  m_RaycastPadding: {x: 0, y: 0, z: 0, w: 0}
  m_Maskable: 1
  m_OnCullStateChanged:
    m_PersistentCalls:
      m_Calls: []
  m_Sprite: {fileID: 21300000, guid: 6cb96dea5a6c5d540a119fe16a4804d0, type: 3}
  m_Type: 1
  m_PreserveAspect: 0
  m_FillCenter: 1
  m_FillMethod: 4
  m_FillAmount: 1
  m_FillClockwise: 1
  m_FillOrigin: 0
  m_UseSpriteMesh: 0
  m_PixelsPerUnitMultiplier: 1
--- !u!1 &4556974144466040136
GameObject:
  m_ObjectHideFlags: 0
  m_CorrespondingSourceObject: {fileID: 0}
  m_PrefabInstance: {fileID: 0}
  m_PrefabAsset: {fileID: 0}
  serializedVersion: 6
  m_Component:
  - component: {fileID: 4556974144466040137}
  - component: {fileID: 4556974144466040141}
  - component: {fileID: 4556974144466040140}
  - component: {fileID: 4556974144466040139}
  - component: {fileID: 4556974144466040138}
  m_Layer: 5
  m_Name: startDialogue
  m_TagString: Untagged
  m_Icon: {fileID: 0}
  m_NavMeshLayer: 0
  m_StaticEditorFlags: 0
  m_IsActive: 1
--- !u!224 &4556974144466040137
RectTransform:
  m_ObjectHideFlags: 0
  m_CorrespondingSourceObject: {fileID: 0}
  m_PrefabInstance: {fileID: 0}
  m_PrefabAsset: {fileID: 0}
  m_GameObject: {fileID: 4556974144466040136}
  m_LocalRotation: {x: -0, y: -0, z: -0, w: 1}
  m_LocalPosition: {x: 0, y: 0, z: 0}
  m_LocalScale: {x: 1, y: 1, z: 1}
  m_ConstrainProportionsScale: 0
  m_Children:
  - {fileID: 4216148661912932066}
  - {fileID: 3809981514436854493}
  - {fileID: 5197580603626466868}
  - {fileID: 3427311500323806726}
  m_Father: {fileID: 0}
  m_RootOrder: 0
  m_LocalEulerAnglesHint: {x: 0, y: 0, z: 0}
  m_AnchorMin: {x: 0.5, y: 0.5}
  m_AnchorMax: {x: 0.5, y: 0.5}
  m_AnchoredPosition: {x: -11.593, y: -257.081}
  m_SizeDelta: {x: 1655.187, y: 297.839}
  m_Pivot: {x: 0.5, y: 0.5}
--- !u!222 &4556974144466040141
CanvasRenderer:
  m_ObjectHideFlags: 0
  m_CorrespondingSourceObject: {fileID: 0}
  m_PrefabInstance: {fileID: 0}
  m_PrefabAsset: {fileID: 0}
  m_GameObject: {fileID: 4556974144466040136}
  m_CullTransparentMesh: 1
--- !u!114 &4556974144466040140
MonoBehaviour:
  m_ObjectHideFlags: 0
  m_CorrespondingSourceObject: {fileID: 0}
  m_PrefabInstance: {fileID: 0}
  m_PrefabAsset: {fileID: 0}
  m_GameObject: {fileID: 4556974144466040136}
  m_Enabled: 0
  m_EditorHideFlags: 0
  m_Script: {fileID: 11500000, guid: fe87c0e1cc204ed48ad3b37840f39efc, type: 3}
  m_Name: 
  m_EditorClassIdentifier: 
  m_Material: {fileID: 0}
  m_Color: {r: 1, g: 1, b: 1, a: 1}
  m_RaycastTarget: 1
  m_RaycastPadding: {x: 0, y: 0, z: 0, w: 0}
  m_Maskable: 1
  m_OnCullStateChanged:
    m_PersistentCalls:
      m_Calls: []
  m_Sprite: {fileID: 21300000, guid: 336ea2fa1335ae049933d945027be884, type: 3}
  m_Type: 1
  m_PreserveAspect: 0
  m_FillCenter: 1
  m_FillMethod: 4
  m_FillAmount: 1
  m_FillClockwise: 1
  m_FillOrigin: 0
  m_UseSpriteMesh: 0
  m_PixelsPerUnitMultiplier: 1
--- !u!114 &4556974144466040139
MonoBehaviour:
  m_ObjectHideFlags: 0
  m_CorrespondingSourceObject: {fileID: 0}
  m_PrefabInstance: {fileID: 0}
  m_PrefabAsset: {fileID: 0}
  m_GameObject: {fileID: 4556974144466040136}
  m_Enabled: 1
  m_EditorHideFlags: 0
  m_Script: {fileID: 11500000, guid: 4e29b1a8efbd4b44bb3f3716e73f07ff, type: 3}
  m_Name: 
  m_EditorClassIdentifier: 
  m_Navigation:
    m_Mode: 3
    m_WrapAround: 0
    m_SelectOnUp: {fileID: 0}
    m_SelectOnDown: {fileID: 0}
    m_SelectOnLeft: {fileID: 0}
    m_SelectOnRight: {fileID: 0}
  m_Transition: 1
  m_Colors:
    m_NormalColor: {r: 1, g: 1, b: 1, a: 1}
    m_HighlightedColor: {r: 0.9607843, g: 0.9607843, b: 0.9607843, a: 1}
    m_PressedColor: {r: 0.78431374, g: 0.78431374, b: 0.78431374, a: 1}
    m_SelectedColor: {r: 0.9607843, g: 0.9607843, b: 0.9607843, a: 1}
    m_DisabledColor: {r: 0.78431374, g: 0.78431374, b: 0.78431374, a: 0.5019608}
    m_ColorMultiplier: 1
    m_FadeDuration: 0.1
  m_SpriteState:
    m_HighlightedSprite: {fileID: 0}
    m_PressedSprite: {fileID: 0}
    m_SelectedSprite: {fileID: 0}
    m_DisabledSprite: {fileID: 0}
  m_AnimationTriggers:
    m_NormalTrigger: Normal
    m_HighlightedTrigger: Highlighted
    m_PressedTrigger: Pressed
    m_SelectedTrigger: Selected
    m_DisabledTrigger: Disabled
  m_Interactable: 1
  m_TargetGraphic: {fileID: 4556974144466040140}
  m_OnClick:
    m_PersistentCalls:
      m_Calls:
      - m_Target: {fileID: 4556974144466040138}
        m_TargetAssemblyTypeName: Dialogue, Assembly-CSharp
        m_MethodName: StartDialogue
        m_Mode: 1
        m_Arguments:
          m_ObjectArgument: {fileID: 0}
          m_ObjectArgumentAssemblyTypeName: UnityEngine.Object, UnityEngine
          m_IntArgument: 0
          m_FloatArgument: 0
          m_StringArgument: 
          m_BoolArgument: 0
        m_CallState: 2
--- !u!114 &4556974144466040138
MonoBehaviour:
  m_ObjectHideFlags: 0
  m_CorrespondingSourceObject: {fileID: 0}
  m_PrefabInstance: {fileID: 0}
  m_PrefabAsset: {fileID: 0}
  m_GameObject: {fileID: 4556974144466040136}
  m_Enabled: 1
  m_EditorHideFlags: 0
  m_Script: {fileID: 11500000, guid: 62834cb5d305db247b8114162a50c55a, type: 3}
  m_Name: 
  m_EditorClassIdentifier: 
  messages:
  - characterID: 0
    message: hello world
  - characterID: 0
    message: big dog
  - characterID: 1
    message: jump
  charactors:
  - name: blue
    sprite: {fileID: -1337978481, guid: 1a865418067882548b00f374a8a00ec8, type: 3}
  - name: red
    sprite: {fileID: -460756917, guid: 1a865418067882548b00f374a8a00ec8, type: 3}
--- !u!1001 &4556974144733709415
PrefabInstance:
  m_ObjectHideFlags: 0
  serializedVersion: 2
  m_Modification:
    m_TransformParent: {fileID: 4556974144466040137}
    m_Modifications:
    - target: {fileID: 828700167, guid: 6b940bf219db3a34a9f4c47cbeab836a, type: 3}
      propertyPath: m_fontAsset
      value: 
      objectReference: {fileID: 11400000, guid: 93ae24aed9ed7b549b6aee4fdf937cfe, type: 2}
    - target: {fileID: 828700167, guid: 6b940bf219db3a34a9f4c47cbeab836a, type: 3}
      propertyPath: m_sharedMaterial
      value: 
      objectReference: {fileID: 1796537274206185013, guid: 93ae24aed9ed7b549b6aee4fdf937cfe, type: 2}
    - target: {fileID: 941239640, guid: 6b940bf219db3a34a9f4c47cbeab836a, type: 3}
      propertyPath: m_fontSize
      value: 32
      objectReference: {fileID: 0}
    - target: {fileID: 941239640, guid: 6b940bf219db3a34a9f4c47cbeab836a, type: 3}
      propertyPath: m_fontAsset
      value: 
      objectReference: {fileID: 11400000, guid: 93ae24aed9ed7b549b6aee4fdf937cfe, type: 2}
    - target: {fileID: 941239640, guid: 6b940bf219db3a34a9f4c47cbeab836a, type: 3}
      propertyPath: m_fontSizeBase
      value: 32
      objectReference: {fileID: 0}
    - target: {fileID: 941239640, guid: 6b940bf219db3a34a9f4c47cbeab836a, type: 3}
      propertyPath: m_sharedMaterial
      value: 
      objectReference: {fileID: 1796537274206185013, guid: 93ae24aed9ed7b549b6aee4fdf937cfe, type: 2}
    - target: {fileID: 1830084489, guid: 6b940bf219db3a34a9f4c47cbeab836a, type: 3}
      propertyPath: aButtonSprite
      value: 
      objectReference: {fileID: 1556557178340602859}
    - target: {fileID: 8582765580126497360, guid: 6b940bf219db3a34a9f4c47cbeab836a, type: 3}
      propertyPath: m_Name
      value: DialogueBox
      objectReference: {fileID: 0}
    - target: {fileID: 8582765580126497363, guid: 6b940bf219db3a34a9f4c47cbeab836a, type: 3}
      propertyPath: m_Pivot.x
      value: 0.5
      objectReference: {fileID: 0}
    - target: {fileID: 8582765580126497363, guid: 6b940bf219db3a34a9f4c47cbeab836a, type: 3}
      propertyPath: m_Pivot.y
      value: 0.5
      objectReference: {fileID: 0}
    - target: {fileID: 8582765580126497363, guid: 6b940bf219db3a34a9f4c47cbeab836a, type: 3}
      propertyPath: m_RootOrder
      value: 2
      objectReference: {fileID: 0}
    - target: {fileID: 8582765580126497363, guid: 6b940bf219db3a34a9f4c47cbeab836a, type: 3}
      propertyPath: m_AnchorMax.x
      value: 1
      objectReference: {fileID: 0}
    - target: {fileID: 8582765580126497363, guid: 6b940bf219db3a34a9f4c47cbeab836a, type: 3}
      propertyPath: m_AnchorMax.y
      value: 1
      objectReference: {fileID: 0}
    - target: {fileID: 8582765580126497363, guid: 6b940bf219db3a34a9f4c47cbeab836a, type: 3}
      propertyPath: m_AnchorMin.x
      value: 0
      objectReference: {fileID: 0}
    - target: {fileID: 8582765580126497363, guid: 6b940bf219db3a34a9f4c47cbeab836a, type: 3}
      propertyPath: m_AnchorMin.y
      value: 0
      objectReference: {fileID: 0}
    - target: {fileID: 8582765580126497363, guid: 6b940bf219db3a34a9f4c47cbeab836a, type: 3}
      propertyPath: m_SizeDelta.x
      value: 64.81299
      objectReference: {fileID: 0}
    - target: {fileID: 8582765580126497363, guid: 6b940bf219db3a34a9f4c47cbeab836a, type: 3}
      propertyPath: m_SizeDelta.y
      value: 62.872864
      objectReference: {fileID: 0}
    - target: {fileID: 8582765580126497363, guid: 6b940bf219db3a34a9f4c47cbeab836a, type: 3}
      propertyPath: m_LocalPosition.x
      value: 0
      objectReference: {fileID: 0}
    - target: {fileID: 8582765580126497363, guid: 6b940bf219db3a34a9f4c47cbeab836a, type: 3}
      propertyPath: m_LocalPosition.y
      value: 0
      objectReference: {fileID: 0}
    - target: {fileID: 8582765580126497363, guid: 6b940bf219db3a34a9f4c47cbeab836a, type: 3}
      propertyPath: m_LocalPosition.z
      value: 0
      objectReference: {fileID: 0}
    - target: {fileID: 8582765580126497363, guid: 6b940bf219db3a34a9f4c47cbeab836a, type: 3}
      propertyPath: m_LocalRotation.w
      value: 1
      objectReference: {fileID: 0}
    - target: {fileID: 8582765580126497363, guid: 6b940bf219db3a34a9f4c47cbeab836a, type: 3}
      propertyPath: m_LocalRotation.x
      value: -0
      objectReference: {fileID: 0}
    - target: {fileID: 8582765580126497363, guid: 6b940bf219db3a34a9f4c47cbeab836a, type: 3}
      propertyPath: m_LocalRotation.y
      value: -0
      objectReference: {fileID: 0}
    - target: {fileID: 8582765580126497363, guid: 6b940bf219db3a34a9f4c47cbeab836a, type: 3}
      propertyPath: m_LocalRotation.z
      value: -0
      objectReference: {fileID: 0}
    - target: {fileID: 8582765580126497363, guid: 6b940bf219db3a34a9f4c47cbeab836a, type: 3}
      propertyPath: m_AnchoredPosition.x
      value: 11.593021
      objectReference: {fileID: 0}
    - target: {fileID: 8582765580126497363, guid: 6b940bf219db3a34a9f4c47cbeab836a, type: 3}
      propertyPath: m_AnchoredPosition.y
      value: -2.7379456
      objectReference: {fileID: 0}
    - target: {fileID: 8582765580126497363, guid: 6b940bf219db3a34a9f4c47cbeab836a, type: 3}
      propertyPath: m_LocalEulerAnglesHint.x
      value: 0
      objectReference: {fileID: 0}
    - target: {fileID: 8582765580126497363, guid: 6b940bf219db3a34a9f4c47cbeab836a, type: 3}
      propertyPath: m_LocalEulerAnglesHint.y
      value: 0
      objectReference: {fileID: 0}
    - target: {fileID: 8582765580126497363, guid: 6b940bf219db3a34a9f4c47cbeab836a, type: 3}
      propertyPath: m_LocalEulerAnglesHint.z
      value: 0
      objectReference: {fileID: 0}
    - target: {fileID: 8582765580126497389, guid: 6b940bf219db3a34a9f4c47cbeab836a, type: 3}
      propertyPath: m_Sprite
      value: 
      objectReference: {fileID: 21300000, guid: 336ea2fa1335ae049933d945027be884, type: 3}
    - target: {fileID: 8582765580126497389, guid: 6b940bf219db3a34a9f4c47cbeab836a, type: 3}
      propertyPath: m_Enabled
      value: 0
      objectReference: {fileID: 0}
    m_RemovedComponents: []
  m_SourcePrefab: {fileID: 100100000, guid: 6b940bf219db3a34a9f4c47cbeab836a, type: 3}
--- !u!224 &5197580603626466868 stripped
RectTransform:
  m_CorrespondingSourceObject: {fileID: 8582765580126497363, guid: 6b940bf219db3a34a9f4c47cbeab836a, type: 3}
  m_PrefabInstance: {fileID: 4556974144733709415}
  m_PrefabAsset: {fileID: 0}
